@ARTICLE{Duchi+Namkoong18,
       author = {{Duchi}, John and {Namkoong}, Hongseok},
        title = "{Learning Models with Uniform Performance via Distributionally Robust Optimization}",
      journal = {arXiv e-prints},
     keywords = {Statistics - Machine Learning, Computer Science - Machine Learning},
         year = 2018,
        month = oct,
          eid = {arXiv:1810.08750},
        pages = {arXiv:1810.08750},
archivePrefix = {arXiv},
       eprint = {1810.08750},
 primaryClass = {stat.ML},
       adsurl = {https://ui.adsabs.harvard.edu/abs/2018arXiv181008750D},
      adsnote = {Provided by the SAO/NASA Astrophysics Data System}
}

@inproceedings{ZhangEtAl15,
author = {Zhang, Kun and Gong, Mingming and Scholkopf, Bernhard},
title = {Multi-Source Domain Adaptation: A Causal View},
year = {2015},
isbn = {0262511290},
publisher = {AAAI Press},
booktitle = {Proceedings of the Twenty-Ninth AAAI Conference on Artificial Intelligence},
pages = {3150–3157},
numpages = {8},
location = {Austin, Texas},
series = {AAAI’15}
}
